@inproceedings{asudeh2019assessing,
	title={Assessing and Remedying Coverage for a Given Dataset},
	author={Asudeh, Abolfazl and Jin, Zhongjun and Jagadish, H.V.},
	booktitle={Proc. ICDE},
	location={Macao, China},
	pages={554--565},
	year={2019},
	doi={10.1109/ICDE.2019.00056}
}

@article{atzmueller2015subgroup,
	title={Subgroup discovery},
	author={Atzmueller, Martin},
	journal={WIREs Data Min. Knowl. Disc.},
	volume={5},
	number={1},
	pages={35--49},
	year={2015},
	doi={10.1002/widm.1144}
}

@article{bach2024alternative,
	title={Alternative feature selection with user control},
	author={Bach, Jakob and B{\"o}hm, Klemens},
	journal={Int. J. Data Sci. Anal.},
	year={2024},
	doi={10.1007/s41060-024-00527-8}
}

@incollection{bailey2014alternative,
	title={Alternative Clustering Analysis: A Review},
	author={Bailey, James},
	booktitle={Data Clustering: Algorithms and Applications},
	edition={1},
	chapter={21},
	pages={535--550},
	year={2014},
	publisher={{CRC} Press},
	doi={10.1201/9781315373515}
}

@article{esnault2020qfinder,
	title={{Q-Finder}: An Algorithm for Credible Subgroup Discovery in Clinical Data Analysis -- An Application to the International Diabetes Management Practice Study},
	author={Esnault, Cyril and Gadonna, May-Line and Queyrel, Maxence and Templier, Alexandre and Zucker, Jean-Daniel},
	journal={Front. Artif. Intell.},
	volume={3},
	year={2020},
	doi={10.3389/frai.2020.559927}
}

@article{kim2021multi,
	title={A Multi-Component Framework for the Analysis and Design of Explainable Artificial Intelligence},
	author={Kim, Mi-Young and Atakishiyev, Shahin and Babiker, Housam Khalifa Bashier and Farruque, Nawshad and Goebel, Randy and Za{\"\i}ane, Osmar R. and Motallebi, Mohammad-Hossein and Rabelo, Juliano and Syed, Talat and Yao, Hengshuai and Chun, Peter},
	journal={Mach. Learn. Knowl. Extr.},
	volume={3},
	number={4},
	pages={900--921},
	year={2021},
	doi={10.3390/make3040045}
}

@inproceedings{lavravc1999rule,
	title={Rule Evaluation Measures: A Unifying View},
	author={Lavra{\v{c}}, Nada and Flach, Peter and Zupan, Blaz},
	booktitle={Proc. ILP},
	location={Bled, Slovenia},
	pages={174--185},
	year={1999},
	doi={10.1007/3-540-48751-4_17}
}

@inproceedings{lawless2022interpretable,
	title={Interpretable Clustering via Multi-Polytope Machines},
	author={Lawless, Connor and Kalagnanam, Jayant and Nguyen, Lam M. and Phan, Dzung and Reddy, Chandra},
	booktitle={Proc. AAAI},
	location={Virtual Event},
	pages={7309--7316},
	year={2022},
	doi={10.1609/aaai.v36i7.20693}
}

@article{li2021subgroup,
	title={Subgroup Discovery Points to the Prominent Role of Charge Transfer in Breaking Nitrogen Scaling Relations at Single-Atom Catalysts on VS2},
	author={Li, Haobo and Liu, Yunxia and Chen, Ke and Margraf, Johannes T. and Li, Youyong and Reuter, Karsten},
	journal={ACS Catal.},
	volume={11},
	number={13},
	pages={7906--7914},
	year={2021},
	doi={10.1021/acscatal.1c01324}
}

@article{ng1998exploratory,
	title={Exploratory Mining and Pruning Optimizations of Constrained Associations Rules},
	author={Ng, Raymond T. and Lakshmanan, Laks V. S. and Han, Jiawei and Pang, Alex},
	journal={ACM SIGMOD Rec.},
	volume={27},
	number={2},
	pages={13--24},
	year={1998},
	doi={10.1145/276305.276307}
}

@inproceedings{pastor2021looking,
	title={Looking for Trouble: Analyzing Classifier Behavior via Pattern Divergence},
	author={Pastor, Eliana and De Alfaro, Luca and Baralis, Elena},
	booktitle={Proc. SIGMOD},
	location={Virtual Event, China},
	pages={1400--1412},
	year={2021},
	doi={10.1145/3448016.3457284}
}

@inproceedings{sagadeeva2021sliceline,
	title={SliceLine: Fast, Linear-Algebra-based Slice Finding for ML Model Debugging},
	author={Sagadeeva, Svetlana and Boehm, Matthias},
	booktitle={Proc. SIGMOD},
	location={Virtual Event, China},
	pages={2290--2299},
	year={2021},
	doi={10.1145/3448016.3457323}
}

@inproceedings{wang2019designing,
	title={Designing Theory-Driven User-Centric Explainable {AI}},
	author={Wang, Danding and Yang, Qian and Abdul, Ashraf and Lim, Brian Y.},
	booktitle={Proc. CHI},
	location={Glasgow, United Kingdom},
	year={2019},
	doi={10.1145/3290605.3300831}
}
