@inproceedings{artelt2022even,
	title={``Even if ...'' -- Diverse Semifactual Explanations of Reject},
	author={Artelt, Andr{\'e} and Hammer, Barbara},
	booktitle={Proc. SSCI},
	location={Singapore, Singapore},
	pages={854--859},
	year={2022},
	doi={10.1109/SSCI51031.2022.10022139}
}

@inproceedings{asudeh2019assessing,
	title={Assessing and Remedying Coverage for a Given Dataset},
	author={Asudeh, Abolfazl and Jin, Zhongjun and Jagadish, H. V.},
	booktitle={Proc. ICDE},
	location={Macao, China},
	pages={554--565},
	year={2019},
	doi={10.1109/ICDE.2019.00056}
}

@inproceedings{atzmueller2006sd,
	title={SD-Map -- A Fast Algorithm for Exhaustive Subgroup Discovery},
	author={Atzmueller, Martin and Puppe, Frank},
	booktitle={Proc. PKDD},
	location={Berlin, Germany},
	pages={6--17},
	year={2006},
	doi={10.1007/11871637_6}
}

@incollection{bailey2014alternative,
	title={Alternative Clustering Analysis: A Review},
	author={Bailey, James},
	booktitle={Data Clustering: Algorithms and Applications},
	edition={1},
	chapter={21},
	pages={535--550},
	year={2014},
	publisher={{CRC} Press},
	doi={10.1201/9781315373515}
}

@article{fouche2021efficient,
	title={Efficient subspace search in data streams},
	author={Fouch{\'e}, Edouard and Kalinke, Florian and B{\"o}hm, Klemens},
	journal={Inf. Syst.},
	volume={97},
	year={2021},
	doi={10.1016/j.is.2020.101705}
}

@inproceedings{hudson2023subgroup,
	title={Subgroup Discovery with {SD4Py}},
	author={Hudson, Dan and Atzmueller, Martin},
	booktitle={Proc. ECAI Workshops},
	location={Krak{\'o}w, Poland},
	pages={338--348},
	year={2023},
	doi={10.1007/978-3-031-50396-2_19}
}

@inproceedings{kim2016examples,
	title={Examples are not Enough, Learn to Criticize! Criticism for Interpretability},
	author={Kim, Been and Khanna, Rajiv and Koyejo, Oluwasanmi},
	booktitle={Proc. NIPS},
	location={Barcelona, Spain},
	year={2016},
	url={https://proceedings.neurips.cc/paper_files/paper/2016/hash/5680522b8e2bb01943234bce7bf84534-Abstract.html}
}

@inproceedings{lavravc1999rule,
	title={Rule Evaluation Measures: A Unifying View},
	author={Lavra{\v{c}}, Nada and Flach, Peter and Zupan, Blaz},
	booktitle={Proc. ILP},
	location={Bled, Slovenia},
	pages={174--185},
	year={1999},
	doi={10.1007/3-540-48751-4_17}
}

@inproceedings{lawless2022interpretable,
	title={Interpretable Clustering via Multi-Polytope Machines},
	author={Lawless, Connor and Kalagnanam, Jayant and Nguyen, Lam M. and Phan, Dzung and Reddy, Chandra},
	booktitle={Proc. AAAI},
	location={Virtual Event},
	pages={7309--7316},
	year={2022},
	doi={10.1609/aaai.v36i7.20693}
}

@inproceedings{lemmerich2010fast,
	title={Fast Discovery of Relevant Subgroup Patterns},
	author={Lemmerich, Florian and Rohlfs, Mathias and Atzmueller, Martin},
	booktitle={Proc. FLAIRS},
	location={Daytona Beach, FL, USA},
	pages={428--433},
	year={2010},
	url={https://aaai.org/papers/flairs-2010-1262/}
}

@inproceedings{lemmerich2019pysubgroup,
	title={pysubgroup: Easy-to-Use Subgroup Discovery in {P}ython},
	author={Lemmerich, Florian and Becker, Martin},
	booktitle={Proc. ECML PKDD},
	location={Dublin, Ireland},
	pages={658--662},
	year={2019},
	doi={10.1007/978-3-030-10997-4_46}
}

@article{lopez2024subgroups,
	title={Subgroups: A Python library for Subgroup Discovery},
	author={Lopez-Martinez-Carrasco, Antonio and Juarez, Jose M. and Campos, Manuel and Mora-Caselles, Francisco},
	journal={SoftwareX},
	volume={28},
	year={2024},
	doi={10.1016/j.softx.2024.101895}
}

@inproceedings{pastor2021looking,
	title={Looking for Trouble: Analyzing Classifier Behavior via Pattern Divergence},
	author={Pastor, Eliana and de Alfaro, Luca and Baralis, Elena},
	booktitle={Proc. SIGMOD},
	location={Virtual Event, China},
	pages={1400--1412},
	year={2021},
	doi={10.1145/3448016.3457284}
}

@inproceedings{sagadeeva2021sliceline,
	title={{SliceLine}: Fast, Linear-Algebra-based Slice Finding for {ML} Model Debugging},
	author={Sagadeeva, Svetlana and Boehm, Matthias},
	booktitle={Proc. SIGMOD},
	location={Virtual Event, China},
	pages={2290--2299},
	year={2021},
	doi={10.1145/3448016.3457323}
}
