@inproceedings{arzamasov2021reds,
	title={{REDS}: Rule Extraction for Discovering Scenarios},
	author={Arzamasov, Vadim and B{\"o}hm, Klemens},
	booktitle={Proc. SIGMOD},
	location={Virtual Event, China},
	pages={115--128},
	year={2021},
	doi={10.1145/3448016.3457301}
}

@misc{arzamasov2022pedagogical,
	title={Pedagogical Rule Extraction to Learn Interpretable Models --- an Empirical Study},
	author={Arzamasov, Vadim and Jochum, Benjamin and B{\"o}hm, Klemens},
	howpublished={arXiv:2112.13285v2 [cs.LG]},
	year={2022},
	doi={10.48550/arXiv.2112.13285}
}

@inproceedings{atzmueller2005exploiting,
	title={Exploiting Background Knowledge for Knowledge-Intensive Subgroup Discovery},
	author={Atzmueller, Martin and Puppe, Frank and Buscher, Hans-Peter},
	booktitle={Proc. IJCAI},
	location={Edinburgh, United Kingdom},
	pages={647--652},
	year={2005},
	url={https://www.ijcai.org/Proceedings/05/Papers/1217.pdf}
}

@inproceedings{atzmueller2006methodological,
	title={A Methodological View on Knowledge-Intensive Subgroup Discovery},
	author={Atzmueller, Martin and Puppe, Frank},
	booktitle={Proc. EKAW},
	location={Pod{\v{e}}brady, Czech Republic},
	pages={318--325},
	year={2006},
	doi={10.1007/11891451_28}
}

@inproceedings{atzmueller2006sd,
	title={SD-Map -- A Fast Algorithm for Exhaustive Subgroup Discovery},
	author={Atzmueller, Martin and Puppe, Frank},
	booktitle={Proc. PKDD},
	location={Berlin, Germany},
	pages={6--17},
	year={2006},
	doi={10.1007/11871637_6}
}

@inproceedings{atzmueller2007using,
	title={Using Declarative Specifications of Domain Knowledge for Descriptive Data Mining},
	author={Atzmueller, Martin and Seipel, Dietmar},
	booktitle={Proc. INAP},
	location={W{\"u}rzburg, Germany},
	pages={149--164},
	year={2007},
	doi={10.1007/978-3-642-00675-3_10}
}

@inproceedings{atzmueller2009fast,
	title={Fast Subgroup Discovery for Continuous Target Concepts},
	author={Atzmueller, Martin and Lemmerich, Florian},
	booktitle={Proc. ISMIS},
	location={Prague, Czech Republic},
	pages={35--44},
	year={2009},
	doi={10.1007/978-3-642-04125-9_7}
}

@article{atzmueller2015subgroup,
	title={Subgroup discovery},
	author={Atzmueller, Martin},
	journal={WIREs Data Min. Knowl. Disc.},
	volume={5},
	number={1},
	pages={35--49},
	year={2015},
	doi={10.1002/widm.1144}
}

@incollection{bacchus2021maximum,
	title={Maximum Satisfiability},
	author={Bacchus, Fahiem and J{\"a}rvisalo, Matti and Martins, Ruben},
	booktitle={Handbook of Satisfiability},
	edition={2},
	chapter={24},
	pages={929--991},
	year={2021},
	publisher={IOS Press},
	doi={10.3233/FAIA201008}
}

@misc{bach2023finding,
	title={Finding Optimal Diverse Feature Sets with Alternative Feature Selection},
	author={Bach, Jakob},
	howpublished={arXiv:2307.11607v2 [cs.LG]},
	year={2024},
	doi={10.48550/arXiv.2307.11607}
}

@phdthesis{bach2025leveraging,
	title={Leveraging Constraints for User-Centric Feature Selection},
	author={Bach, Jakob},
	year={2025},
	school={Karlsruhe Institute of Technology (KIT)},
	doi={10.5445/IR/1000178649}
}

@inproceedings{bach2025subgroup,
	title={Subgroup Discovery with Small and Alternative Feature Sets},
	author={Bach, Jakob},
	booktitle={Proc. SIGMOD},
	location={Berlin, Germany},
	year={2025}
}

@article{bach2024alternative,
	title={Alternative feature selection with user control},
	author={Bach, Jakob and B{\"o}hm, Klemens},
	journal={Int. J. Data Sci. Anal.},
	year={2024},
	doi={10.1007/s41060-024-00527-8}
}

@article{bach2022empirical,
	title={An Empirical Evaluation of Constrained Feature Selection},
	author={Bach, Jakob and Zoller, Kolja and Trittenbach, Holger and Schulz, Katrin and B{\"o}hm, Klemens},
	journal={SN Comput. Sci.},
	volume={3},
	number={6},
	year={2022},
	doi={10.1007/s42979-022-01338-z}
}

@incollection{barrett2018satisfiability,
	title={Satisfiability Modulo Theories},
	author={Barrett, Clark and Tinelli, Cesare},
	booktitle={Handbook of Model Checking},
	edition={1},
	chapter={11},
	pages={305--343},
	year={2018},
	publisher={Springer},
	doi={10.1007/978-3-319-10575-8_11}
}

@inproceedings{belfodil2019fssd,
	title={{FSSD} - A Fast and Efficient Algorithm for Subgroup Set Discovery},
	author={Belfodil, Adnene and Belfodil, Aimene and Bendimerad, Anes and Lamarre, Philippe and Robardet, C{\'e}line and Kaytoue, Mehdi and Plantevit, Marc},
	booktitle={Proc. DSAA},
	location={Washington, DC, USA},
	pages={91--99},
	year={2019},
	doi={10.1109/DSAA.2019.00023},
}

@techreport{bestuzheva2021scip,
	title={{The SCIP Optimization Suite 8.0}},
	author={Ksenia Bestuzheva and Mathieu Besan{\c{c}}on and Wei-Kun Chen and Antonia Chmiela and Tim Donkiewicz and Jasper van Doornmalen and Leon Eifler and Oliver Gaul and Gerald Gamrath and Ambros Gleixner and Leona Gottwald and Christoph Graczyk and Katrin Halbig and Alexander Hoen and Christopher Hojny and Rolf van der Hulst and Thorsten Koch and Marco L{\"u}bbecke and Stephen J. Maher and Frederic Matter and Erik M{\"u}hmer and Benjamin M{\"u}ller and Marc E. Pfetsch and Daniel Rehfeldt and Steffan Schlein and Franziska Schl{\"o}sser and Felipe Serrano and Yuji Shinano and Boro Sofranac and Mark Turner and Stefan Vigerske and Fabian Wegscheider and Philipp Wellner and Dieter Weninger and Jakob Witzig},
	institution={Zuse Institute Berlin},
	year={2021},
	url={http://nbn-resolving.de/urn:nbn:de:0297-zib-85309}
}

@inproceedings{bjorner2015nuz,
	title={{$\nu$Z} - An Optimizing {SMT} Solver},
	author={Bj{\o}rner, Nikolaj and Phan, Anh-Dung and Fleckenstein, Lars},
	booktitle={Proc. TACAS},
	location={London, United Kingdom},
	pages={194--199},
	year={2015},
	doi={10.1007/978-3-662-46681-0_14}
}

@inproceedings{boley2009non,
	title={Non-redundant Subgroup Discovery Using a Closure System},
	author={Boley, Mario and Grosskreutz, Henrik},
	booktitle={Proc. ECML PKDD},
	location={Bled, Slovenia},
	pages={179--194},
	year={2009},
	doi={10.1007/978-3-642-04180-8_29}
}

@article{bonates2008maximum,
	title={Maximum patterns in datasets},
	author={Bonates, Tib{\'e}rius O. and Hammer, Peter L. and Kogan, Alexander},
	journal={Discrete Appl. Math.},
	volume={156},
	number={6},
	pages={846--861},
	year={2008},
	doi={10.1016/j.dam.2007.06.004}
}

@article{bosc2018anytime,
	title={Anytime discovery of a diverse set of patterns with Monte Carlo tree search},
	author={Bosc, Guillaume and Boulicaut, Jean-Fran{\c{c}}ois and Ra{\"\i}ssi, Chedy and Kaytoue, Mehdi},
	journal={Data Min. Knowl. Disc.},
	volume={32},
	number={3},
	pages={604--650},
	year={2018},
	doi={10.1007/s10618-017-0547-5}
}

@article{carmona2018unifying,
	title={A unifying analysis for the supervised descriptive rule discovery via the weighted relative accuracy},
	author={Carmona, Crist{\'o}bal J. and del Jesus, Mar{\'\i}a J. and Herrera, Francisco},
	journal={Knowledge-Based Syst.},
	volume={139},
	pages={89--100},
	year={2018},
	doi={10.1016/j.knosys.2017.10.015}
}

@article{carvalho2019machine,
	title={Machine Learning Interpretability: A Survey on Methods and Metrics},
	author={Carvalho, Diogo V. and Pereira, Eduardo M. and Cardoso, Jaime S.},
	journal={Electronics},
	volume={8},
	number={8},
	year={2019},
	doi={10.3390/electronics8080832}
}

@inproceedings{chekuri2004maximum,
	title={Maximum Coverage Problem with Group Budget Constraints and Applications},
	author={Chekuri, Chandra and Kumar, Amit},
	booktitle={Proc. APPROX},
	location={Cambridge, MA, USA},
	pages={72--83},
	year={2004},
	doi={10.1007/978-3-540-27821-4_7}
}

@article{choi2010survey,
	title={A Survey of Binary Similarity and Distance Measures},
	author={Choi, Seung-Seok and Cha, Sung-Hyuk and Tappert, Charles C.},
	journal={J. Syst. Cybern. Inf.},
	volume={8},
	number={1},
	pages={43--48},
	year={2010},
	url={http://www.iiisci.org/Journal/pdv/sci/pdfs/GS315JG.pdf}
}

@inproceedings{dao2013declarative,
	title={A Declarative Framework for Constrained Clustering},
	author={Dao, Thi-Bich-Hanh and Duong, Khanh-Chuong and Vrain, Christel},
	booktitle={Proc. ECML PKDD},
	location={Prague, Czech Republic},
	pages={419--434},
	year={2013},
	doi={10.1007/978-3-642-40994-3_27}
}

@article{dao2024review,
	title={A review on declarative approaches for constrained clustering},
	author={Dao, Thi-Bich-Hanh and Vrain, Christel},
	journal={Int. J. Approximate Reasoning},
	volume={171},
	year={2024},
	doi={10.1016/j.ijar.2024.109135}
}

@inproceedings{deMoura2008z3,
	title={Z3: An Efficient {SMT} Solver},
	author={De Moura, Leonardo and Bj{\o}rner, Nikolaj},
	booktitle={Proc. TACAS},
	location={Budapest, Hungary},
	pages={337--340},
	year={2008},
	doi={10.1007/978-3-540-78800-3_24}
}

@inproceedings{deutch2019constraints,
	title={Constraints-based Explanations of Classifications},
	author={Deutch, Daniel and Frost, Nave},
	booktitle={Proc. ICDE},
	location={Macao, China},
	pages={530--541},
	year={2019},
	doi={10.1109/ICDE.2019.00054}
}

@inproceedings{downey1997parameterized,
	title={Parameterized Complexity: A Framework for Systematically Confronting Computational Intractability},
	author={Downey, Rodney G. and Fellows, Michael R. and Stege, Ulrike},
	booktitle={Contemporary Trends in Discrete Mathematics: From {DIMACS} and {DIMATIA} to the Future},
	location={{\v{S}}ti{\v{r}}{\'i}n Castle, Czech Republic},
	pages={49--99},
	year={1997},
	doi={10.1090/dimacs/049/04}
}

@article{eckstein2002maximum,
	title={The Maximum Box Problem and its Application to Data Analysis},
	author={Eckstein, Jonathan and Hammer, Peter L. and Liu, Ying and Nediak, Mikhail and Simeone, Bruno},
	journal={Comput. Optim. Appl.},
	volume={23},
	number={3},
	pages={285--298},
	year={2002},
	doi={10.1023/A:1020546910706}
}

@inproceedings{ermon2012uniform,
	title={Uniform Solution Sampling Using a Constraint Solver As an Oracle},
	author={Ermon, Stefano and Gomes, Carla and Selman, Bart},
	booktitle={Proc. UAI},
	location={Catalina Island, CA, USA},
	pages={255--264},
	year={2012},
	url={https://www.auai.org/uai2012/papers/160.pdf}
}

@article{esnault2020qfinder,
	title={{Q-Finder}: An Algorithm for Credible Subgroup Discovery in Clinical Data Analysis -- An Application to the International Diabetes Management Practice Study},
	author={Esnault, Cyril and Gadonna, May-Line and Queyrel, Maxence and Templier, Alexandre and Zucker, Jean-Daniel},
	journal={Front. Artif. Intell.},
	volume={3},
	year={2020},
	doi={10.3389/frai.2020.559927}
}

@article{friedman1999bump,
	title={Bump hunting in high-dimensional data},
	author={Friedman, Jerome H. and Fisher, Nicholas I.},
	journal={Stat. Comput.},
	volume={9},
	number={2},
	pages={123--143},
	year={1999},
	doi={10.1023/A:1008894516817}
}

@article{frisch2008ssence,
	title={Essence: A constraint language for specifying combinatorial problems},
	author={Frisch, Alan M. and Harvey, Warwick and Jefferson, Chris and Mart{\'\i}nez-Hern{\'a}ndez, Bernadette and Miguel, Ian},
	journal={Constraints},
	volume={13},
	number={3},
	pages={268--306},
	year={2008},
	doi={10.1007/s10601-008-9047-y}
}

@book{galbrun2017redescription,
	title={Redescription Mining},
	author={Galbrun, Esther and Miettinen, Pauli},
	edition={1},
	year={2017},
	publisher={Springer},
	doi={10.1007/978-3-319-72889-6}
}

@inproceedings{gallo2008finding,
	title={Finding Subgroups having Several Descriptions: Algorithms for Redescription Mining},
	author={Gallo, Arianna and Miettinen, Pauli and Mannila, Heikki},
	booktitle={Proc. SDM},
	location={Atlanta, GA, USA},
	pages={334--345},
	year={2008},
	doi={10.1137/1.9781611972788.30}
}

@article{gamberger2002expert,
	title={Expert-Guided Subgroup Discovery: Methodology and Application},
	author={Gamberger, Dragan and Lavra{\v{c}}, Nada},
	journal={J. Artif. Intell. Res.},
	volume={17},
	pages={501--527},
	year={2002},
	doi={10.1613/jair.1089}
}

@inproceedings{gorji2022sufficient,
	title={Sufficient Reasons for Classifier Decisions in the Presence of Domain Constraints},
	author={Gorji, Niku and Rubin, Sasha},
	booktitle={Proc. AAAI},
	location={Virtual Conference},
	pages={5660--5667},
	year={2022},
	doi={10.1609/aaai.v36i5.20507}
}

@article{grossi2017survey,
	title={Survey on using constraints in data mining},
	author={Grossi, Valerio and Romei, Andrea and Turini, Franco},
	journal={Data Min. Knowl. Disc.},
	volume={31},
	number={2},
	pages={424--464},
	year={2017},
	doi={10.1007/s10618-016-0480-z}
}

@article{grosskreutz2009subgroup,
	title={On subgroup discovery in numerical domains},
	author={Grosskreutz, Henrik and R{\"u}ping, Stefan},
	journal={Data Min. Knowl. Disc.},
	volume={19},
	number={2},
	pages={210--226},
	year={2009},
	doi={10.1007/s10618-009-0136-3}
}

@inproceedings{grosskreutz2012enhanced,
	title={An Enhanced Relevance Criterion For More Concise Supervised Pattern Discovery},
	author={Gro\ss{}kreutz, Henrik and Paurat, Daniel and R{\"u}ping, Stefan},
	booktitle={Proc. KDD},
	location={Beijing, China},
	pages={1442--1450},
	year={2012},
	doi={10.1145/2339530.2339756}
}

@article{guidotti2022counterfactual,
	title={Counterfactual explanations and how to find them: literature review and benchmarking},
	author={Guidotti, Riccardo},
	journal={Data Min. Knowl. Disc.},
	year={2022},
	doi={10.1007/s10618-022-00831-6}
}

@article{guns2011itemset,
	title={Itemset mining: A constraint programming perspective},
	author={Guns, Tias and Nijssen, Siegfried and De Raedt, Luc},
	journal={Artif. Intell.},
	volume={175},
	number={12-13},
	pages={1951--1983},
	year={2011},
	doi={10.1016/j.artint.2011.05.002}
}

@article{guns2013kpattern,
	title={k-Pattern Set Mining under Constraints},
	author={Guns, Tias and Nijssen, Siegfried and De Raedt, Luc},
	journal={IEEE Trans. Knowl. Data Eng.},
	volume={25},
	number={2},
	pages={402--418},
	year={2011},
	doi={10.1109/TKDE.2011.204}
}

@article{guyon2003introduction,
	title={An Introduction to Variable and Feature Selection},
	author={Guyon, Isabelle and Elisseeff, Andr{\'e}},
	journal={J. Mach. Learn. Res.},
	volume={3},
	number={Mar},
	pages={1157--1182},
	year={2003},
	url={https://www.jmlr.org/papers/v3/guyon03a.html}
}

@article{han2000mining,
	title={Mining Frequent Patterns without Candidate Generation},
	author={Han, Jiawei and Pei, Jian and Yin, Yiwen},
	journal={ACM SIGMOD Rec.},
	volume={29},
	number={2},
	pages={1--12},
	year={2000},
	doi={10.1145/335191.335372}
}

@article{helal2016subgroup,
	title={Subgroup Discovery Algorithms: A Survey and Empirical Evaluation},
	author={Helal, Sumyea},
	journal={J. Comput. Sci. Technol.},
	volume={31},
	number={3},
	pages={561--576},
	year={2016},
	doi={10.1007/s11390-016-1647-1}
}

@article{herrera2011overview,
	title={An overview on subgroup discovery: foundations and applications},
	author={Herrera, Franciso and Carmona, Crist{\'o}bal Jos{\'e} and Gonz{\'a}lez, Pedro and Del Jesus, Mar{\'\i}a Jos{\'e}},
	journal={Knowl. Inf. Syst.},
	volume={29},
	number={3},
	pages={495--525},
	year={2011},
	doi={10.1007/s10115-010-0356-2}
}

@inproceedings{hudson2023subgroup,
	title={Subgroup Discovery with {SD4Py}},
	author={Hudson, Dan and Atzmueller, Martin},
	booktitle={Proc. ECAI Workshops},
	location={Krak{\'o}w, Poland},
	pages={338--348},
	year={2023},
	doi={10.1007/978-3-031-50396-2_19}
}

@inproceedings{ignatiev2021reasoning,
	title={Reasoning-Based Learning of Interpretable {ML} Models},
	author={Ignatiev, Alexey and Marques-Silva, Joao and Narodytska, Nina and Stuckey, Peter J.},
	booktitle={Proc. IJCAI},
	location={Montreal, Canada},
	pages={4458--4465},
	year={2021},
	doi={10.24963/ijcai.2021/608}
}

@inproceedings{karimi2020model,
	title={Model-Agnostic Counterfactual Explanations for Consequential Decisions},
	author={Karimi, Amir-Hossein and Barthe, Gilles and Balle, Borja and Valera, Isabel},
	booktitle={Proc. AISTATS},
	location={Online},
	pages={895--905},
	year={2020},
	url={https://proceedings.mlr.press/v108/karimi20a.html}
}

@incollection{karp1972reducibility,
	title={Reducibility among Combinatorial Problems},
	author={Karp, Richard M.},
	booktitle={Complexity of Computer Computations},
	edition={1},
	chapter={9},
	pages={85--103},
	year={1972},
	publisher={Plenum Press},
	doi={10.1007/978-1-4684-2001-2_9}
}

@inproceedings{khanna1997complete,
	title={A Complete Classification of the Approximability of Maximization Problems Derived from Boolean Constraint Satisfaction},
	author={Khanna, Sanjeev and Sudan, Madhu and Williamson, David P.},
	booktitle={Proc. STOC},
	location={El Paso, TX, USA},
	pages={11--20},
	year={1997},
	doi={10.1145/258533.258538}
}

@article{kiefer2022subgroup,
	title={Subgroup discovery in structural equation models},
	author={Kiefer, Christoph and Lemmerich, Florian and Langenberg, Benedikt and Mayer, Axel},
	journal={Psychol. Methods},
	year={2022},
	doi={10.1037/met0000524}
}

@article{kim2021multi,
	title={A Multi-Component Framework for the Analysis and Design of Explainable Artificial Intelligence},
	author={Kim, Mi-Young and Atakishiyev, Shahin and Babiker, Housam Khalifa Bashier and Farruque, Nawshad and Goebel, Randy and Za{\"\i}ane, Osmar R. and Motallebi, Mohammad-Hossein and Rabelo, Juliano and Syed, Talat and Yao, Hengshuai and Chun, Peter},
	journal={Mach. Learn. Knowl. Extr.},
	volume={3},
	number={4},
	pages={900--921},
	year={2021},
	doi={10.3390/make3040045}
}

@inproceedings{koccak2020exploiting,
	title={Exploiting Incomparability in Solution Dominance: Improving General Purpose Constraint-Based Mining},
	author={Ko{\c{c}}ak, G{\"o}kberk and Akg{\"u}n, {\"O}zg{\"u}r and Guns, Tias and Miguel, Ian},
	booktitle={Proc. ECAI},
	location={Santiago de Compostela, Spain},
	pages={331--338},
	year={2020},
	doi={10.3233/FAIA200110}
}

@article{kwakkel2016improving,
	title={Improving scenario discovery by bagging random boxes},
	author={Kwakkel, Jan H. and Cunningham, Scott C.},
	journal={Technol. Forecasting Social Change},
	volume={111},
	pages={124--134},
	year={2016},
	doi={10.1016/j.techfore.2016.06.014}
}

@article{kwakkel2017exploratory,
	title={The {Exploratory Modeling Workbench}: An open source toolkit for exploratory modeling, scenario discovery, and (multi-objective) robust decision making},
	author={Kwakkel, Jan},
	journal={Environ. Modell. Software},
	volume={96},
	pages={239--250},
	year={2017},
	doi={10.1016/j.envsoft.2017.06.054},
}

@inproceedings{lavravc1999rule,
	title={Rule Evaluation Measures: A Unifying View},
	author={Lavra{\v{c}}, Nada and Flach, Peter and Zupan, Blaz},
	booktitle={Proc. ILP},
	location={Bled, Slovenia},
	pages={174--185},
	year={1999},
	doi={10.1007/3-540-48751-4_17}
}

@article{lavrac2004subgroup,
	title={Subgroup discovery with {CN2-SD}},
	author={Lavra{\v{c}}, Nada and Kav{\v{s}}ek, Branko and Flach, Peter and Todorovski, Ljup{\v{c}}o},
	journal={J. Mach. Learn. Res.},
	volume={5},
	number={Feb},
	pages={153--188},
	year={2004},
	url={https://www.jmlr.org/papers/v5/lavrac04a.html}
}

@inproceedings{lavrac2006relevancy,
	title={Relevancy in Constraint-Based Subgroup Discovery},
	author={Lavra{\v{c}}, Nada and Gamberger, Dragan},
	booktitle={Proc. European Workshop on Inductive Databases and Constraint Based Mining},
	location={Hinterzarten, Germany},
	pages={243--266},
	year={2006},
	doi={10.1007/11615576_12}
}

@article{leeuwen2012diverse,
	title={Diverse subgroup set discovery},
	author={van Leeuwen, Matthijs and Knobbe, Arno},
	journal={Data Min. Knowl. Disc.},
	volume={25},
	number={2},
	pages={208--242},
	year={2012},
	doi={10.1007/s10618-012-0273-y}
}

@inproceedings{leeuwen2013discovering,
	title={Discovering Skylines of Subgroup Sets},
	author={van Leeuwen, Matthijs and Ukkonen, Antti},
	booktitle={Proc. ECML PKDD},
	location={Prague, Czech Republic},
	pages={272--287},
	year={2013},
	doi={10.1007/978-3-642-40994-3_18}
}

@inproceedings{lemmerich2010fast,
	title={Fast Discovery of Relevant Subgroup Patterns},
	author={Lemmerich, Florian and Rohlfs, Mathias and Atzmueller, Martin},
	booktitle={Proc. FLAIRS},
	location={Daytona Beach, FL, USA},
	pages={428--433},
	year={2010},
	url={https://aaai.org/papers/flairs-2010-1262/}
}

@article{lemmerich2016fast,
	title={Fast exhaustive subgroup discovery with numerical target concepts},
	author={Lemmerich, Florian and Atzmueller, Martin and Puppe, Frank},
	journal={Data Min. Knowl. Disc.},
	volume={30},
	number={3},
	pages={711--762},
	year={2016},
	doi={10.1007/s10618-015-0436-8}
}

@inproceedings{lemmerich2019pysubgroup,
	title={pysubgroup: Easy-to-Use Subgroup Discovery in {P}ython},
	author={Lemmerich, Florian and Becker, Martin},
	booktitle={Proc. ECML PKDD},
	location={Dublin, Ireland},
	pages={658--662},
	year={2019},
	doi={10.1007/978-3-030-10997-4_46}
}

@article{li2015efficient,
	title={Efficient redundancy reduced subgroup discovery via quadratic programming},
	author={Li, Rui and Perneczky, Robert and Drzezga, Alexander and Kramer, Stefan},
	journal={J. Intell. Inf. Syst.},
	volume={44},
	number={2},
	pages={271--288},
	year={2015},
	doi={10.1007/s10844-013-0284-1}
}

@article{li2017feature,
	title={Feature Selection: A Data Perspective},
	author={Li, Jundong and Cheng, Kewei and Wang, Suhang and Morstatter, Fred and Trevino, Robert P. and Tang, Jiliang and Liu, Huan},
	journal={ACM Comput. Surv.},
	volume={50},
	number={6},
	year={2017},
	doi={10.1145/3136625}
}

@incollection{li2021maxsat,
	title={Max{SAT}, Hard and Soft Constraints},
	author={Li, Chu Min and Many{\`a}, Felip},
	booktitle={Handbook of Satisfiability},
	edition={2},
	chapter={23},
	pages={903--927},
	year={2021},
	publisher={IOS Press},
	doi={10.3233/FAIA201007}
}

@article{li2021subgroup,
	title={Subgroup Discovery Points to the Prominent Role of Charge Transfer in Breaking Nitrogen Scaling Relations at Single-Atom Catalysts on VS2},
	author={Li, Haobo and Liu, Yunxia and Chen, Ke and Margraf, Johannes T. and Li, Youyong and Reuter, Karsten},
	journal={ACS Catal.},
	volume={11},
	number={13},
	pages={7906--7914},
	year={2021},
	doi={10.1021/acscatal.1c01324}
}

@inproceedings{lopez2023discovering,
	title={Discovering Diverse Top-K Characteristic Lists},
	author={Lopez-Martinez-Carrasco, Antonio and Proen{\c{c}}a, Hugo M. and Juarez, Jose M. and van Leeuwen, Matthijs and Campos, Manuel},
	booktitle={Proc. IDA},
	location={Louvain-la-Neuve, Belgium},
	pages={262--273},
	year={2023},
	doi={10.1007/978-3-031-30047-9_21}
}

@article{louveaux2014combinatorial,
	title={A combinatorial branch-and-bound algorithm for box search},
	author={Louveaux, Quentin and Mathieu, S{\'e}bastien},
	journal={Discrete Optim.},
	volume={13},
	pages={36--48},
	year={2014},
	doi={10.1016/j.disopt.2014.05.001}
}

@inproceedings{lucas2018ssdp+,
	title={{SSDP+}: A Diverse and More Informative Subgroup Discovery Approach for High Dimensional Data},
	author={Lucas, Tarc{\'\i}sio and Vimieiro, Renato and Ludermir, Teresa},
	booktitle={Proc. CEC},
	location={Rio de Janeiro, Brazil},
	year={2018},
	doi={10.1109/CEC.2018.8477855}
}

@inproceedings{mampaey2012efficient,
	title={Efficient Algorithms for Finding Richer Subgroup Descriptions in Numeric and Nominal Data},
	author={Mampaey, Michael and Nijssen, Siegfried and Feelders, Ad and Knobbe, Arno},
	booktitle={Proc. ICDM},
	location={Brussels, Belgium},
	pages={499--508},
	year={2012},
	doi={10.1109/ICDM.2012.117}
}

@inproceedings{mathonat2021anytime,
	title={Anytime Subgroup Discovery in High Dimensional Numerical Data},
	author={Mathonat, Romain and Nurbakova, Diana and Boulicaut, Jean-Fran{\c{c}}ois and Kaytoue, Mehdi},
	booktitle={Proc. DSAA},
	location={Porto, Portugal},
	year={2021},
	doi={10.1109/DSAA53316.2021.9564223}
}

@inproceedings{matteucci2023benchmark,
	title={A benchmark of categorical encoders for binary classification},
	author={Matteucci, Federico and Arzamasov, Vadim and B{\"o}hm, Klemens},
	booktitle={Proc. NeurIPS},
	location={New Orleans, LA, USA},
	pages={54855--54875},
	year={2023},
	url={https://proceedings.neurips.cc/paper_files/paper/2023/hash/ac01e21bb14609416760f790dd8966ae-Abstract-Datasets_and_Benchmarks.html}
}

@inproceedings{meeng2014rocsearch,
	title={{ROCsearch} -- An {ROC}-guided Search Strategy for Subgroup Discovery},
	author={Meeng, Marvin and Duivesteijn, Wouter and Knobbe, Arno},
	booktitle={Proc. SDM},
	location={Philadelphia, PA, USA},
	pages={704--712},
	year={2014},
	doi={10.1137/1.9781611973440.81}
}

@article{meeng2021real,
	title={For real: a thorough look at numeric attributes in subgroup discovery},
	author={Meeng, Marvin and Knobbe, Arno},
	journal={Data Min. Knowl. Disc.},
	volume={35},
	number={1},
	pages={158--212},
	year={2021},
	doi={10.1007/s10618-020-00703-x}
}

@article{mihelcic2023complexity,
	title={On the complexity of redescription mining},
	author={Mihel{\v{c}}i{\'c}, Matej and Kurdija, Adrian Satja},
	journal={Theor. Comput. Sci.},
	volume={944},
	year={2023},
	doi={10.1016/j.tcs.2022.12.023}
}

@inproceedings{mohammadi2021scaling,
	title={Scaling Guarantees for Nearest Counterfactual Explanations},
	author={Mohammadi, Kiarash and Karimi, Amir-Hossein and Barthe, Gilles and Valera, Isabel},
	booktitle={Proc. AIES},
	location={Virtual Event, USA},
	pages={177--187},
	year={2021},
	doi={10.1145/3461702.3462514}
}

@inproceedings{molnar2020interpretable,
	title={Interpretable Machine Learning -- A Brief History, State-of-the-Art and Challenges},
	author={Molnar, Christoph and Casalicchio, Giuseppe and Bischl, Bernd},
	booktitle={Proc. ECML PKDD Workshops},
	location={Ghent, Belgium},
	pages={417--431},
	year={2020},
	doi={10.1007/978-3-030-65965-3_28}
}

@misc{mosek2022modeling,
	author={{MOSEK ApS}},
	title={{MOSEK} Modeling Cookbook : Mixed integer optimzation},
	year={2022},
	url={https://docs.mosek.com/modeling-cookbook/mio.html},
	note={Accessed: 2022-10-18}
}

@inproceedings{mothilal2020explaining,
	title={Explaining Machine Learning Classifiers through Diverse Counterfactual Explanations},
	author={Mothilal, Ramaravind K. and Sharma, Amit and Tan, Chenhao},
	booktitle={Proc. FAT*},
	location={Barcelona, Spain},
	pages={607--617},
	year={2020},
	doi={10.1145/3351095.3372850}
}

@inproceedings{narodytska2018learning,
	title={Learning Optimal Decision Trees with {SAT}},
	author={Narodytska, Nina and Ignatiev, Alexey and Pereira, Filipe and Marques-Silva, Joao},
	booktitle={Proc. IJCAI},
	location={Stockholm, Sweden},
	pages={1362--1368},
	year={2018},
	doi={10.24963/ijcai.2018/189}
}

@article{neutatz2023automl,
	title={Auto{ML} in heavily constrained applications},
	author={Neutatz, Felix and Lindauer, Marius and Abedjan, Ziawasch},
	journal={VLDB J.},
	year={2023},
	doi={10.1007/s00778-023-00820-1}
}

@article{ng1998exploratory,
	title={Exploratory Mining and Pruning Optimizations of Constrained Associations Rules},
	author={Ng, Raymond T. and Lakshmanan, Laks V. S. and Han, Jiawei and Pang, Alex},
	journal={ACM SIGMOD Rec.},
	volume={27},
	number={2},
	pages={13--24},
	year={1998},
	doi={10.1145/276305.276307}
}

@inproceedings{nieuwenhuis2006sat,
	title={On {SAT} Modulo Theories and Optimization Problems},
	author={Nieuwenhuis, Robert and Oliveras, Albert},
	booktitle={Proc. SAT},
	location={Seattle, WA, USA},
	pages={156--169},
	year={2006},
	doi={10.1007/11814948_18}
}

@article{olson2017pmlb,
	author={Olson, Randal S. and La Cava, William and Orzechowski, Patryk and Urbanowicz, Ryan J. and Moore, Jason H.},
	title={{PMLB}: a large benchmark suite for machine learning evaluation and comparison},
	journal={BioData Min.},
	volume={10},
	year={2017},
	doi={10.1186/s13040-017-0154-4}
}

@inproceedings{parida2005redescription,
	title={Redescription Mining: Structure Theory and Algorithms},
	author={Parida, Laxmi and Ramakrishnan, Naren},
	booktitle={Proc. AAAI},
	location={Pittsburgh, PA, USA},
	pages={837--844},
	year={2005},
	url={https://aaai.org/papers/00837-aaai05-132-redescription-mining-structure-theory-and-algorithms/}
}

@misc{perron2022or-tools,
	title={{OR-Tools}},
	author={Laurent Perron and Vincent Furnon},
	organization={Google},
	year={2022},
	url={https://developers.google.com/optimization/},
	note={Accessed: 2022-10-18}
}

@article{popescu2022overview,
	title={An overview of machine learning techniques in constraint solving},
	author={Popescu, Andrei and Polat-Erdeniz, Seda and Felfernig, Alexander and Uta, Mathias and Atas, M{\"u}sl{\"u}m and Le, Viet-Man and Pilsl, Klaus and Enzelsberger, Martin and Tran, Thi Ngoc Trang},
	journal={J. Intell. Inf. Syst.},
	volume={58},
	number={1},
	pages={91--118},
	year={2022},
	doi={10.1007/s10844-021-00666-5}
}

@article{proencca2022robust,
	title={Robust subgroup discovery: Discovering subgroup lists using \emph{MDL}},
	author={Proen{\c{c}}a, Hugo M. and Gr{\"u}nwald, Peter and B{\"a}ck, Thomas and van Leeuwen, Matthijs},
	journal={Data Min. Knowl. Disc.},
	volume={36},
	number={5},
	pages={1885--1970},
	year={2022},
	doi={10.1007/s10618-022-00856-x}
}

@inproceedings{ramakrishnan2004turning,
	title={Turning {CARTwheels}: An Alternating Algorithm for Mining Redescriptions},
	author={Ramakrishnan, Naren and Kumar, Deept and Mishra, Bud and Potts, Malcolm and Helm, Richard F.},
	booktitle={Proc. KDD},
	location={Seattle, WA, USA},
	pages={266--275},
	year={2004},
	doi={10.1145/1014052.1014083}
}

@inproceedings{remil2021makes,
	title={"What makes my queries slow?": Subgroup Discovery for {SQL} Workload Analysis},
	author={Remil, Youcef and Bendimerad, Anes and Mathonat, Romain and Chaleat, Philippe and Kaytoue, Mehdi},
	booktitle={Proc. ASE},
	location={Melbourne, Australia},
	pages={642--652},
	year={2021},
	doi={10.1109/ASE51524.2021.9678915}
}

@misc{romano2021pmlb,
	title={{PMLB} v1.0: An open source dataset collection for benchmarking machine learning methods},
	author={Romano, Joseph D. and Le, Trang T. and La Cava, William and Gregg, John T. and Goldberg, Daniel J. and Ray, Natasha L. and Chakraborty, Praneel and Himmelstein, Daniel and Fu, Weixuan and Moore, Jason H.},
	howpublished={arXiv:2012.00058v3 [cs.LG]},
	year={2021},
	doi={10.48550/arXiv.2012.00058}
}

@inproceedings{russell2019efficient,
	title={Efficient Search for Diverse Coherent Explanations},
	author={Russell, Chris},
	booktitle={Proc. FAT*},
	location={Atlanta, GA, USA},
	pages={20--28},
	year={2019},
	doi={10.1145/3287560.3287569}
}

@inproceedings{scholz2005sampling,
	title={Sampling-Based Sequential Subgroup Mining},
	author={Scholz, Martin},
	booktitle={Proc. KDD},
	location={Chicago, IL, USA},
	pages={265--274},
	year={2005},
	doi={10.1145/1081870.1081902}
}

@inproceedings{shati2021sat,
	title={{SAT}-Based Approach for Learning Optimal Decision Trees with Non-Binary Features},
	author={Shati, Pouya and Cohen, Eldan and McIlraith, Sheila},
	booktitle={Proc. CP},
	location={Montpellier, France (Virtual Conference)},
	year={2021},
	doi={10.4230/LIPIcs.CP.2021.50}
}

@inproceedings{shrotri2022constraint,
	title={Constraint-Driven Explanations for Black-Box {ML} Models},
	author={Shrotri, Aditya A. and Narodytska, Nina and Ignatiev, Alexey and Meel, Kuldeep S. and Marques-Silva, Joao and Vardi, Moshe Y.},
	booktitle={Proc. AAAI},
	location={Virtual Conference},
	pages={8304--8314},
	year={2022},
	doi={10.1609/aaai.v36i8.20805}
}

@article{silva2016constrained,
	title={Constrained pattern mining in the new era},
	author={Silva, Andreia and Antunes, Cl{\'a}udia},
	journal={Knowl. Inf. Syst.},
	volume={47},
	number={3},
	pages={489--516},
	year={2016},
	doi={10.1007/s10115-015-0860-5}
}

@inproceedings{sinz2005towards,
	title={Towards an Optimal {CNF} Encoding of Boolean Cardinality Constraints},
	author={Sinz, Carsten},
	booktitle={Proc. CP},
	location={Sitges, Spain},
	pages={827--831},
	year={2005},
	doi={10.1007/11564751_73}
}

@article{tarjan1977finding,
	title={Finding a Maximum Independent Set},
	author={Tarjan, Robert Endre and Trojanowski, Anthony E.},
	journal={SIAM J. Comput.},
	volume={6},
	number={3},
	pages={537--546},
	year={1977},
	doi={10.1137/0206038}
}

@inbook{ventura2018subgroup,
	title={Subgroup Discovery},
	author={Ventura, Sebasti{\'a}n and Luna, Jos{\'e} Mar{\'i}a},
	booktitle={Supervised Descriptive Pattern Mining},
	edition={1},
	chapter={4},
	pages={71--98},
	year={2018},
	publisher={Springer},
	doi={10.1007/978-3-319-98140-6_4}
}

@inproceedings{wang2019designing,
	title={Designing Theory-Driven User-Centric Explainable {AI}},
	author={Wang, Danding and Yang, Qian and Abdul, Ashraf and Lim, Brian Y.},
	booktitle={Proc. CHI},
	location={Glasgow, United Kingdom},
	year={2019},
	doi={10.1145/3290605.3300831}
}

@article{yu2021learning,
	title={Learning Optimal Decision Sets and Lists with {SAT}},
	author={Yu, Jinqiang and Ignatiev, Alexey and Stuckey, Peter J. and Le Bodic, Pierre},
	journal={J. Artif. Intell. Res.},
	volume={72},
	pages={1251--1279},
	year={2021},
	doi={10.1613/jair.1.12719}
}

@article{zuheros2023explainable,
	title={Explainable Crowd Decision Making methodology guided by expert natural language opinions based on Sentiment Analysis with Attention-based Deep Learning and Subgroup Discovery},
	author={Zuheros, Cristina and Mart{\'\i}nez-C{\'a}mara, Eugenio and Herrera-Viedma, Enrique and Katib, Iyad A. and Herrera, Francisco},
	journal={Inf. Fusion},
	volume={97},
	year={2023},
	doi={10.1016/j.inffus.2023.101821}
}
